@article{past,
	author = {Afan, Haitham and El-Shafie, Ahmed and wan mohtar, Hanna and Yaseen, Zaher},
	year = {2016},
	month = {08},
	pages = {},
	title = {Past, present and prospect of an Artificial Intelligence (AI) based model for sediment transport prediction},
	volume = {541},
	journal = {Journal of Hydrology},
	doi = {10.1016/j.jhydrol.2016.07.048}
}

@article{Jansson,
	author = {Jansson, Margareta},
	year = {1997},
	month = {06},
	pages = {189-200},
	title = {Comparison of Sediment Rating Curves Developed on Load and on Concentration},
	volume = {28},
	journal = {Nordic Hydrology},
	doi = {10.2166/nh.1997.0011}
}